<?xml version="1.0" encoding="UTF-8"?><collection xmlns="http://www.loc.gov/MARC21/slim"><record><leader>00396nam--2200133-i-4500</leader><controlfield tag="001">000015653</controlfield><controlfield tag="002">20161230</controlfield><controlfield tag="005">20161230201031</controlfield><controlfield tag="008">060222s1000------------r-----000-0-eng-d</controlfield><datafield ind1=" " ind2=" " tag="080"><subfield code="a">537.8:546.65(061.3)</subfield></datafield><datafield ind1=" " ind2=" " tag="245"><subfield code="a">Proceedings international conference on magnet ism of rare-earth and actinides</subfield></datafield><datafield ind1=" " ind2=" " tag="260"><subfield code="a">Bucharest, Central Institute Of Physics, 139 P</subfield></datafield><datafield ind1=" " ind2=" " tag="700"><subfield code="a">Burzo, E./S.A.</subfield></datafield><datafield ind1=" " ind2=" " tag="852"><subfield code="a">73296</subfield></datafield></record></collection>